
@book{example,
  title={Implementation of Reed-Solomon RS(255,239)
Code},
  author={Malenko, M.},
}
@book{hsarriaz,
  title={Notas de Clase: Una introducción a la teoría de
códigos y a la teoría de la
información},
  author={Sarria, H.},
  year = {2022}
}
@misc{Document66:online,
author = {},
  title = {Documentation · Biopython},
  url = "https://biopython.org/wiki/Documentation",
month = {},
year = {},
}
@misc{RCSBPDBH49:online,
author = {RCSB Protein Data Bank},
  title = {RCSB PDB: Homepage},
  url = "https://www.rcsb.org/",
month = {},
year = {},
}
@misc{Untitled54:online,
author = {Rodriguez, N.},
  title = {60 Años del ADN},
  year = {2014}
}
@misc{Untitled55:online,
author = {Noriega, M.},
  title = {Replicacion del ADN},
  year = {2014}
}

@book{alqui,
  title={Uso de Bases de Grobner en la teoria de codigos},
  author={Alquirriche, D.},
  year = {2024}
}

@misc{ReedSolo19:online,
author = {},
  title = {Reed-Solomon Error Correcting Codes from the Bottom Up | Electronics etc…},
  url = "https://tomverbeure.github.io/2022/08/07/Reed-Solomon.html#introduction",
month = {8},
year = {2022},
}
@misc{lrq3000u75:online,
author = {},
  title = {lrq3000/unireedsolomon: Universal errors-and-erasures Reed Solomon codec (error correcting code) in pure Python with extensive documentation},
  url = "https://github.com/lrq3000/unireedsolomon",
month = {},
year = {},
}

@book{HammingReed,
  title={DNA Data Storage using Hamming and Reed-Solomon Codes},
  author={Slingerland, E.},
  year={2019},
}

@misc{limbachiya2016artdnastringssixteen,
      title={The Art of DNA Strings: Sixteen Years of DNA Coding Theory}, 
      author={Gupta, K.},
      year={2016},
      eprint={1607.00266},
      archivePrefix={arXiv},
      primaryClass={cs.IT},
      url={https://arxiv.org/abs/1607.00266}, 
}


